@article{ephraim1984speech,
  title={Speech enhancement using a minimum-mean square error short-time spectral amplitude estimator},
  author={Ephraim, Yariv and Malah, David},
  journal={IEEE Transactions on Acoustics, Speech, and Signal Processing},
  volume={32},
  number={6},
  pages={1109--1121},
  year={1984},
  publisher={IEEE}
}

@article{higginbotham2007access,
  title={Access to AAC: Present, past, and future},
  author={Higginbotham, D Jeffery and Shane, Howard and Russell, Susanne and Caves, Kevin},
  journal={Augmentative and alternative communication},
  volume={23},
  number={3},
  pages={243--257},
  year={2007},
  publisher={Taylor \& Francis}
}
@inproceedings{nass2000does,
  title={Does computer-generated speech manifest personality? An experimental test of similarity-attraction},
  author={Nass, Clifford and Lee, Kwan Min},
  booktitle={Proceedings of the SIGCHI conference on Human Factors in Computing Systems},
  pages={329--336},
  year={2000},
  organization={ACM}
}


@inproceedings{schroder2001emotional,
  title={Emotional speech synthesis: a review.},
  author={Schr{\"o}der, Marc},
  booktitle={INTERSPEECH},
  pages={561--564},
  year={2001}
}

@inproceedings{iida2000speech,
  title={A speech synthesis system with emotion for assisting communication},
  author={Iida, Akemi and Campbell, Nick and Iga, Soichiro and Higuchi, Fumito and Yasumura, Michiaki},
  booktitle={ISCA Tutorial and Research Workshop (ITRW) on Speech and Emotion},
  year={2000}
}
@article{rusydi2014rotation,
  title={Rotation matrix to operate a robot manipulator for 2D analog tracking objects using electrooculography},
  author={Rusydi, Muhammad Ilhamdi and Okamoto, Takeo and Ito, Satoshi and Sasaki, Minoru},
  journal={Robotics},
  volume={3},
  number={3},
  pages={289--309},
  year={2014},
  publisher={Multidisciplinary Digital Publishing Institute}
}

@article{bulling2011eye,
  title={Eye movement analysis for activity recognition using electrooculography},
  author={Bulling, Andreas and Ward, Jamie A and Gellersen, Hans and Troster, Gerhard},
  journal={IEEE transactions on pattern analysis and machine intelligence},
  volume={33},
  number={4},
  pages={741--753},
  year={2011},
  publisher={IEEE}
}

@article{lotte2007review,
  title={A review of classification algorithms for EEG-based brain--computer interfaces},
  author={Lotte, Fabien and Congedo, Marco and L{\'e}cuyer, Anatole and Lamarche, Fabrice and Arnaldi, Bruno},
  journal={Journal of neural engineering},
  volume={4},
  number={2},
  pages={R1},
  year={2007},
  publisher={IOP Publishing}
}